 @article{LBibGNSS,
 	author  = "John M. Dow, R.E. Netlan and C. Rizos",
 	title   = "The International GNSS Service in a changing landscape of Global Navigations Satellite Systems",
 	year    = "2009",
 	journal = "Springer - Verlag",
 	volume  = "83",
 	pages   = "191 - 198"
 }

@article{LBibNTRIP,
	author = "Dettmering, Denise and Weber, Georg",
	year = "2017",
	month = "11",
	title = "The EUREF-IP Ntrip Broadcaster: Real-time GNSS data for Europe"
}

@article{LBibGNSS3,
	title = "Proximity and the Evolution of Collaboration Networks: Evidence from R\&D projects within the GNSS industry",
	Author = "Balland, Pierre-Alexandre",
	Journal = "Regional Studies",
	publisher = "Taylor \& Francis (Routledge)",
	year = "2011",
	month = "Jan",
}

@article{LBibGPS,
	author = "Millner, James and Hale, Martin and Standen, Paul and Talbot, Nick and Presenter, James and Millner",
	year = "2017",
	month = "11",
	title = "The development and enhancement of GNSS/GPS infrastructure to support Location Based Service Positioning Systems in Victoria"
}

@article{LBibGNSS4,
	author="Li, Xingxing and  Ge, Maorong and Dai, Xiaolei and Ren, Xiaodong and Fritsche, Mathias and Wickert, Jens and Schuh, Harald",
	title="Accuracy and reliability of multi-GNSS real-time precise positioning: GPS, GLONASS, BeiDou, and Galileo",
	journal="Journal of Geodesy",
	year="2015",
	month="Jun",
	day="01",
	volume="89",
	number="6",
	pages="607--635"
}

@Article{LBibEPN,
	author="Bruyninx, Carine",
	title="Comparing GPS-only with GPS + GLONASS positioning in a regional permanent GNSS network",
	journal="GPS Solutions",
	year="2007",
	month="Mar",
	day="01",
	volume="11",
	number="2",
	pages="97--106"
}

@proceedings{LBibGLONASS,
	author = "Alexei E, Zinviev",
	address="Long Beach CA",
	booktitle = "ION GNSS 18th International Technical Meeting of the Satellite Devision",
	month="September",
	organization = "Topcon Positioning System CIS",
	pages="1046 - 1057"
	title="Using GLONASS in Combined GNSS Recievers: Current Status",
	year="2005"
}

@proceedings{LBibGLONASS,
	author = "Alexei E, Zinviev",
	address="Long Beach CA",
	booktitle = "ION GNSS 18th International Technical Meeting of the Satellite Devision",
	month="September",
	organization = "Topcon Positioning System CIS",
	pages="1046 - 1057"
	title="Using GLONASS in Combined GNSS Recievers: Current Status",
	year="2005"
}

@proceedings{LBibGLONASS2,
	author = "M. Polischuk, G and I. Kozlov, V and V. Ilitchov, V and G. Kozlov, A and A. Bartenev, V and E. Kossenko, V and A. Anphimov, N and G. Revnivykh, S and B. Pisarev, S and E. Tyulyakov, A",
	booktitle = "Annual Precise Time and Time Interval (PTTI) Meeting",
	month="December",
	pages="151 - 160",
	title="The Global Navigation Satellite System GLONASS: Development and Usage in the 21st Century",
	year="2002",
	volume="34"
}

@techreport{LBibGNSS2,
	title="A guide to using international GNSS service (IGS) products",
	author="Jan Kouba",
	year="2009",
	institution="Geodetic Survey Division Natural Resources Canada",
	address  = "615 Booth Street, Ottawa, Ontario K1A 0E9",
	%month    = "May"
}
